%% All references need to be complete and consistent!
%% All references should have a list of authors and a title and then the details of the publication e.g. for a conference publication: the complete name of the proceedings, the page numbers, the location of the conference and the date; for a journal: the complete name of the journal, the volume and issue, the page numbers and the date of the publication; for a web page: the link and the date when this page was last visited.

@BOOK{strunk,
   author = "Strunk, Jr., William and E. B. White",
   title = "The Elements of Style",
   publisher = "Pearson Education",
   edition = "4th",
   ISBN = {9780205309023},
   year = 1999
   }